%YAML 1.1
%TAG !u! tag:unity3d.com,2011:
--- !u!29 &1
OcclusionCullingSettings:
  m_ObjectHideFlags: 0
  serializedVersion: 2
  m_OcclusionBakeSettings:
    smallestOccluder: 5
    smallestHole: 0.25
    backfaceThreshold: 100
  m_SceneGUID: 00000000000000000000000000000000
  m_OcclusionCullingData: {fileID: 0}
--- !u!104 &2
RenderSettings:
  m_ObjectHideFlags: 0
  serializedVersion: 9
  m_Fog: 0
  m_FogColor: {r: 0.5, g: 0.5, b: 0.5, a: 1}
  m_FogMode: 3
  m_FogDensity: 0.01
  m_LinearFogStart: 0
  m_LinearFogEnd: 300
  m_AmbientSkyColor: {r: 0, g: 0.019607844, b: 0.2627451, a: 1}
  m_AmbientEquatorColor: {r: 0.114, g: 0.125, b: 0.133, a: 1}
  m_AmbientGroundColor: {r: 0.047, g: 0.043, b: 0.035, a: 1}
  m_AmbientIntensity: 1
  m_AmbientMode: 3
  m_SubtractiveShadowColor: {r: 0.42, g: 0.478, b: 0.627, a: 1}
  m_SkyboxMaterial: {fileID: 2100000, guid: 14a9b3cb73d2c424ab67528aab5560b6, type: 2}
  m_HaloStrength: 0.5
  m_FlareStrength: 1
  m_FlareFadeSpeed: 3
  m_HaloTexture: {fileID: 0}
  m_SpotCookie: {fileID: 10001, guid: 0000000000000000e000000000000000, type: 0}
  m_DefaultReflectionMode: 0
  m_DefaultReflectionResolution: 128
  m_ReflectionBounces: 1
  m_ReflectionIntensity: 1
  m_CustomReflection: {fileID: 0}
  m_Sun: {fileID: 0}
  m_IndirectSpecularColor: {r: 0, g: 0, b: 0, a: 1}
  m_UseRadianceAmbientProbe: 0
--- !u!157 &3
LightmapSettings:
  m_ObjectHideFlags: 0
  serializedVersion: 11
  m_GIWorkflowMode: 1
  m_GISettings:
    serializedVersion: 2
    m_BounceScale: 1
    m_IndirectOutputScale: 1
    m_AlbedoBoost: 1
    m_EnvironmentLightingMode: 0
    m_EnableBakedLightmaps: 1
    m_EnableRealtimeLightmaps: 1
  m_LightmapEditorSettings:
    serializedVersion: 12
    m_Resolution: 2
    m_BakeResolution: 40
    m_AtlasSize: 1024
    m_AO: 0
    m_AOMaxDistance: 1
    m_CompAOExponent: 1
    m_CompAOExponentDirect: 0
    m_ExtractAmbientOcclusion: 0
    m_Padding: 2
    m_LightmapParameters: {fileID: 0}
    m_LightmapsBakeMode: 1
    m_TextureCompression: 1
    m_FinalGather: 0
    m_FinalGatherFiltering: 1
    m_FinalGatherRayCount: 256
    m_ReflectionCompression: 2
    m_MixedBakeMode: 2
    m_BakeBackend: 1
    m_PVRSampling: 1
    m_PVRDirectSampleCount: 32
    m_PVRSampleCount: 512
    m_PVRBounces: 2
    m_PVREnvironmentSampleCount: 256
    m_PVREnvironmentReferencePointCount: 2048
    m_PVRFilteringMode: 1
    m_PVRDenoiserTypeDirect: 1
    m_PVRDenoiserTypeIndirect: 1
    m_PVRDenoiserTypeAO: 1
    m_PVRFilterTypeDirect: 0
    m_PVRFilterTypeIndirect: 0
    m_PVRFilterTypeAO: 0
    m_PVREnvironmentMIS: 1
    m_PVRCulling: 1
    m_PVRFilteringGaussRadiusDirect: 1
    m_PVRFilteringGaussRadiusIndirect: 5
    m_PVRFilteringGaussRadiusAO: 2
    m_PVRFilteringAtrousPositionSigmaDirect: 0.5
    m_PVRFilteringAtrousPositionSigmaIndirect: 2
    m_PVRFilteringAtrousPositionSigmaAO: 1
    m_ExportTrainingData: 0
    m_TrainingDataDestination: TrainingData
  m_LightingDataAsset: {fileID: 0}
  m_UseShadowmask: 1
--- !u!196 &4
NavMeshSettings:
  serializedVersion: 2
  m_ObjectHideFlags: 0
  m_BuildSettings:
    serializedVersion: 2
    agentTypeID: 0
    agentRadius: 0.5
    agentHeight: 2
    agentSlope: 45
    agentClimb: 0.4
    ledgeDropHeight: 0
    maxJumpAcrossDistance: 0
    minRegionArea: 2
    manualCellSize: 0
    cellSize: 0.16666667
    manualTileSize: 0
    tileSize: 256
    accuratePlacement: 0
    debug:
      m_Flags: 0
  m_NavMeshData: {fileID: 0}
--- !u!1 &46850148 stripped
GameObject:
  m_CorrespondingSourceObject: {fileID: 7418961855301301877, guid: 8d2a4edc193d64c49a462520020be58c,
    type: 3}
  m_PrefabInstance: {fileID: 7418961855271589393}
  m_PrefabAsset: {fileID: 0}
--- !u!1 &48743758 stripped
GameObject:
  m_CorrespondingSourceObject: {fileID: 7418961855298999135, guid: 8d2a4edc193d64c49a462520020be58c,
    type: 3}
  m_PrefabInstance: {fileID: 7418961855271589393}
  m_PrefabAsset: {fileID: 0}
--- !u!1 &576769024 stripped
GameObject:
  m_CorrespondingSourceObject: {fileID: 7418961855844063761, guid: 8d2a4edc193d64c49a462520020be58c,
    type: 3}
  m_PrefabInstance: {fileID: 7418961855271589393}
  m_PrefabAsset: {fileID: 0}
--- !u!1 &694065103 stripped
GameObject:
  m_CorrespondingSourceObject: {fileID: 7418961855931761118, guid: 8d2a4edc193d64c49a462520020be58c,
    type: 3}
  m_PrefabInstance: {fileID: 7418961855271589393}
  m_PrefabAsset: {fileID: 0}
--- !u!1001 &1003910248
PrefabInstance:
  m_ObjectHideFlags: 0
  serializedVersion: 2
  m_Modification:
    m_TransformParent: {fileID: 2526587834949487976}
    m_Modifications:
    - target: {fileID: 1811969566290694909, guid: 8cf7bd28e73c9c340ad2db91abc2ecf6,
        type: 3}
      propertyPath: m_Name
      value: Slider
      objectReference: {fileID: 0}
    - target: {fileID: 1811969566290694908, guid: 8cf7bd28e73c9c340ad2db91abc2ecf6,
        type: 3}
      propertyPath: m_LocalPosition.x
      value: 0
      objectReference: {fileID: 0}
    - target: {fileID: 1811969566290694908, guid: 8cf7bd28e73c9c340ad2db91abc2ecf6,
        type: 3}
      propertyPath: m_LocalPosition.y
      value: 0
      objectReference: {fileID: 0}
    - target: {fileID: 1811969566290694908, guid: 8cf7bd28e73c9c340ad2db91abc2ecf6,
        type: 3}
      propertyPath: m_LocalPosition.z
      value: 0
      objectReference: {fileID: 0}
    - target: {fileID: 1811969566290694908, guid: 8cf7bd28e73c9c340ad2db91abc2ecf6,
        type: 3}
      propertyPath: m_LocalRotation.x
      value: 0
      objectReference: {fileID: 0}
    - target: {fileID: 1811969566290694908, guid: 8cf7bd28e73c9c340ad2db91abc2ecf6,
        type: 3}
      propertyPath: m_LocalRotation.y
      value: 0
      objectReference: {fileID: 0}
    - target: {fileID: 1811969566290694908, guid: 8cf7bd28e73c9c340ad2db91abc2ecf6,
        type: 3}
      propertyPath: m_LocalRotation.z
      value: 0
      objectReference: {fileID: 0}
    - target: {fileID: 1811969566290694908, guid: 8cf7bd28e73c9c340ad2db91abc2ecf6,
        type: 3}
      propertyPath: m_LocalRotation.w
      value: 1
      objectReference: {fileID: 0}
    - target: {fileID: 1811969566290694908, guid: 8cf7bd28e73c9c340ad2db91abc2ecf6,
        type: 3}
      propertyPath: m_RootOrder
      value: 22
      objectReference: {fileID: 0}
    - target: {fileID: 1811969566290694908, guid: 8cf7bd28e73c9c340ad2db91abc2ecf6,
        type: 3}
      propertyPath: m_LocalEulerAnglesHint.x
      value: 0
      objectReference: {fileID: 0}
    - target: {fileID: 1811969566290694908, guid: 8cf7bd28e73c9c340ad2db91abc2ecf6,
        type: 3}
      propertyPath: m_LocalEulerAnglesHint.y
      value: 0
      objectReference: {fileID: 0}
    - target: {fileID: 1811969566290694908, guid: 8cf7bd28e73c9c340ad2db91abc2ecf6,
        type: 3}
      propertyPath: m_LocalEulerAnglesHint.z
      value: 0
      objectReference: {fileID: 0}
    - target: {fileID: 1811969566290694908, guid: 8cf7bd28e73c9c340ad2db91abc2ecf6,
        type: 3}
      propertyPath: m_AnchoredPosition.x
      value: 0
      objectReference: {fileID: 0}
    - target: {fileID: 1811969566290694908, guid: 8cf7bd28e73c9c340ad2db91abc2ecf6,
        type: 3}
      propertyPath: m_AnchoredPosition.y
      value: 427
      objectReference: {fileID: 0}
    - target: {fileID: 1811969566290694908, guid: 8cf7bd28e73c9c340ad2db91abc2ecf6,
        type: 3}
      propertyPath: m_SizeDelta.x
      value: 160
      objectReference: {fileID: 0}
    - target: {fileID: 1811969566290694908, guid: 8cf7bd28e73c9c340ad2db91abc2ecf6,
        type: 3}
      propertyPath: m_SizeDelta.y
      value: 20
      objectReference: {fileID: 0}
    - target: {fileID: 1811969566290694908, guid: 8cf7bd28e73c9c340ad2db91abc2ecf6,
        type: 3}
      propertyPath: m_AnchorMin.x
      value: 0.5
      objectReference: {fileID: 0}
    - target: {fileID: 1811969566290694908, guid: 8cf7bd28e73c9c340ad2db91abc2ecf6,
        type: 3}
      propertyPath: m_AnchorMin.y
      value: 0.5
      objectReference: {fileID: 0}
    - target: {fileID: 1811969566290694908, guid: 8cf7bd28e73c9c340ad2db91abc2ecf6,
        type: 3}
      propertyPath: m_AnchorMax.x
      value: 0.5
      objectReference: {fileID: 0}
    - target: {fileID: 1811969566290694908, guid: 8cf7bd28e73c9c340ad2db91abc2ecf6,
        type: 3}
      propertyPath: m_AnchorMax.y
      value: 0.5
      objectReference: {fileID: 0}
    - target: {fileID: 1811969566290694908, guid: 8cf7bd28e73c9c340ad2db91abc2ecf6,
        type: 3}
      propertyPath: m_Pivot.x
      value: 0.5
      objectReference: {fileID: 0}
    - target: {fileID: 1811969566290694908, guid: 8cf7bd28e73c9c340ad2db91abc2ecf6,
        type: 3}
      propertyPath: m_Pivot.y
      value: 0.5
      objectReference: {fileID: 0}
    - target: {fileID: 1811969566165004416, guid: 8cf7bd28e73c9c340ad2db91abc2ecf6,
        type: 3}
      propertyPath: m_AnchorMax.y
      value: 0
      objectReference: {fileID: 0}
    - target: {fileID: 1811969564598597188, guid: 8cf7bd28e73c9c340ad2db91abc2ecf6,
        type: 3}
      propertyPath: m_AnchorMax.y
      value: 0
      objectReference: {fileID: 0}
    m_RemovedComponents: []
  m_SourcePrefab: {fileID: 100100000, guid: 8cf7bd28e73c9c340ad2db91abc2ecf6, type: 3}
--- !u!1 &1003910249 stripped
GameObject:
  m_CorrespondingSourceObject: {fileID: 1811969566290694909, guid: 8cf7bd28e73c9c340ad2db91abc2ecf6,
    type: 3}
  m_PrefabInstance: {fileID: 1003910248}
  m_PrefabAsset: {fileID: 0}
--- !u!114 &1003910250 stripped
MonoBehaviour:
  m_CorrespondingSourceObject: {fileID: 1811969566290694659, guid: 8cf7bd28e73c9c340ad2db91abc2ecf6,
    type: 3}
  m_PrefabInstance: {fileID: 1003910248}
  m_PrefabAsset: {fileID: 0}
  m_GameObject: {fileID: 1003910249}
  m_Enabled: 1
  m_EditorHideFlags: 0
  m_Script: {fileID: 11500000, guid: 67db9e8f0e2ae9c40bc1e2b64352a6b4, type: 3}
  m_Name: 
  m_EditorClassIdentifier: 
--- !u!1001 &1104104816
PrefabInstance:
  m_ObjectHideFlags: 0
  serializedVersion: 2
  m_Modification:
    m_TransformParent: {fileID: 0}
    m_Modifications:
    - target: {fileID: 8115930715474772840, guid: 29be321064cb5e14da7c141d3b35b715,
        type: 3}
      propertyPath: m_Name
      value: Bonus
      objectReference: {fileID: 0}
    - target: {fileID: 8115930715474772836, guid: 29be321064cb5e14da7c141d3b35b715,
        type: 3}
      propertyPath: m_LocalPosition.x
      value: -2.8
      objectReference: {fileID: 0}
    - target: {fileID: 8115930715474772836, guid: 29be321064cb5e14da7c141d3b35b715,
        type: 3}
      propertyPath: m_LocalPosition.y
      value: -8.1
      objectReference: {fileID: 0}
    - target: {fileID: 8115930715474772836, guid: 29be321064cb5e14da7c141d3b35b715,
        type: 3}
      propertyPath: m_LocalPosition.z
      value: -215.1
      objectReference: {fileID: 0}
    - target: {fileID: 8115930715474772836, guid: 29be321064cb5e14da7c141d3b35b715,
        type: 3}
      propertyPath: m_LocalRotation.x
      value: -0.000000115513224
      objectReference: {fileID: 0}
    - target: {fileID: 8115930715474772836, guid: 29be321064cb5e14da7c141d3b35b715,
        type: 3}
      propertyPath: m_LocalRotation.y
      value: -0.7071068
      objectReference: {fileID: 0}
    - target: {fileID: 8115930715474772836, guid: 29be321064cb5e14da7c141d3b35b715,
        type: 3}
      propertyPath: m_LocalRotation.z
      value: 0.70710677
      objectReference: {fileID: 0}
    - target: {fileID: 8115930715474772836, guid: 29be321064cb5e14da7c141d3b35b715,
        type: 3}
      propertyPath: m_LocalRotation.w
      value: -0.000000052154057
      objectReference: {fileID: 0}
    - target: {fileID: 8115930715474772836, guid: 29be321064cb5e14da7c141d3b35b715,
        type: 3}
      propertyPath: m_RootOrder
      value: 1
      objectReference: {fileID: 0}
    - target: {fileID: 8115930715474772836, guid: 29be321064cb5e14da7c141d3b35b715,
        type: 3}
      propertyPath: m_LocalEulerAnglesHint.x
      value: 90.00001
      objectReference: {fileID: 0}
    - target: {fileID: 8115930715474772836, guid: 29be321064cb5e14da7c141d3b35b715,
        type: 3}
      propertyPath: m_LocalEulerAnglesHint.y
      value: 0
      objectReference: {fileID: 0}
    - target: {fileID: 8115930715474772836, guid: 29be321064cb5e14da7c141d3b35b715,
        type: 3}
      propertyPath: m_LocalEulerAnglesHint.z
      value: 179.99998
      objectReference: {fileID: 0}
    - target: {fileID: 8115930715474772836, guid: 29be321064cb5e14da7c141d3b35b715,
        type: 3}
      propertyPath: m_LocalScale.x
      value: 6.8223
      objectReference: {fileID: 0}
    - target: {fileID: 8115930715474772836, guid: 29be321064cb5e14da7c141d3b35b715,
        type: 3}
      propertyPath: m_LocalScale.y
      value: 6.8223
      objectReference: {fileID: 0}
    - target: {fileID: 8115930715474772836, guid: 29be321064cb5e14da7c141d3b35b715,
        type: 3}
      propertyPath: m_LocalScale.z
      value: 6.8223
      objectReference: {fileID: 0}
    m_RemovedComponents: []
  m_SourcePrefab: {fileID: 100100000, guid: 29be321064cb5e14da7c141d3b35b715, type: 3}
--- !u!1001 &1226427145
PrefabInstance:
  m_ObjectHideFlags: 0
  serializedVersion: 2
  m_Modification:
    m_TransformParent: {fileID: 0}
    m_Modifications:
    - target: {fileID: 4791309492618287456, guid: 28542dc70133373458d906f5ac0c2431,
        type: 3}
      propertyPath: m_Name
      value: Pack
      objectReference: {fileID: 0}
    - target: {fileID: 2533845443055773816, guid: 28542dc70133373458d906f5ac0c2431,
        type: 3}
      propertyPath: m_LocalPosition.x
      value: 0
      objectReference: {fileID: 0}
    - target: {fileID: 2533845443055773816, guid: 28542dc70133373458d906f5ac0c2431,
        type: 3}
      propertyPath: m_LocalPosition.y
      value: 0
      objectReference: {fileID: 0}
    - target: {fileID: 2533845443055773816, guid: 28542dc70133373458d906f5ac0c2431,
        type: 3}
      propertyPath: m_LocalPosition.z
      value: 0
      objectReference: {fileID: 0}
    - target: {fileID: 2533845443055773816, guid: 28542dc70133373458d906f5ac0c2431,
        type: 3}
      propertyPath: m_LocalRotation.x
      value: 0
      objectReference: {fileID: 0}
    - target: {fileID: 2533845443055773816, guid: 28542dc70133373458d906f5ac0c2431,
        type: 3}
      propertyPath: m_LocalRotation.y
      value: 0
      objectReference: {fileID: 0}
    - target: {fileID: 2533845443055773816, guid: 28542dc70133373458d906f5ac0c2431,
        type: 3}
      propertyPath: m_LocalRotation.z
      value: 0
      objectReference: {fileID: 0}
    - target: {fileID: 2533845443055773816, guid: 28542dc70133373458d906f5ac0c2431,
        type: 3}
      propertyPath: m_LocalRotation.w
      value: 1
      objectReference: {fileID: 0}
    - target: {fileID: 2533845443055773816, guid: 28542dc70133373458d906f5ac0c2431,
        type: 3}
      propertyPath: m_RootOrder
      value: 2
      objectReference: {fileID: 0}
    - target: {fileID: 2533845443055773816, guid: 28542dc70133373458d906f5ac0c2431,
        type: 3}
      propertyPath: m_LocalEulerAnglesHint.x
      value: 0
      objectReference: {fileID: 0}
    - target: {fileID: 2533845443055773816, guid: 28542dc70133373458d906f5ac0c2431,
        type: 3}
      propertyPath: m_LocalEulerAnglesHint.y
      value: 0
      objectReference: {fileID: 0}
    - target: {fileID: 2533845443055773816, guid: 28542dc70133373458d906f5ac0c2431,
        type: 3}
      propertyPath: m_LocalEulerAnglesHint.z
      value: 0
      objectReference: {fileID: 0}
    m_RemovedComponents: []
  m_SourcePrefab: {fileID: 100100000, guid: 28542dc70133373458d906f5ac0c2431, type: 3}
--- !u!1001 &2526587834949487975
PrefabInstance:
  m_ObjectHideFlags: 0
  serializedVersion: 2
  m_Modification:
    m_TransformParent: {fileID: 0}
    m_Modifications:
    - target: {fileID: 8618462082042677027, guid: c6e1f88171ca0634fb7e45cd7cdbc2d8,
        type: 3}
      propertyPath: m_Name
      value: Level1_2Players
      objectReference: {fileID: 0}
    - target: {fileID: 8618462082042677026, guid: c6e1f88171ca0634fb7e45cd7cdbc2d8,
        type: 3}
      propertyPath: m_LocalPosition.x
      value: 0
      objectReference: {fileID: 0}
    - target: {fileID: 8618462082042677026, guid: c6e1f88171ca0634fb7e45cd7cdbc2d8,
        type: 3}
      propertyPath: m_LocalPosition.y
      value: 0
      objectReference: {fileID: 0}
    - target: {fileID: 8618462082042677026, guid: c6e1f88171ca0634fb7e45cd7cdbc2d8,
        type: 3}
      propertyPath: m_LocalPosition.z
      value: 0
      objectReference: {fileID: 0}
    - target: {fileID: 8618462082042677026, guid: c6e1f88171ca0634fb7e45cd7cdbc2d8,
        type: 3}
      propertyPath: m_LocalRotation.x
      value: 0
      objectReference: {fileID: 0}
    - target: {fileID: 8618462082042677026, guid: c6e1f88171ca0634fb7e45cd7cdbc2d8,
        type: 3}
      propertyPath: m_LocalRotation.y
      value: 0
      objectReference: {fileID: 0}
    - target: {fileID: 8618462082042677026, guid: c6e1f88171ca0634fb7e45cd7cdbc2d8,
        type: 3}
      propertyPath: m_LocalRotation.z
      value: 0
      objectReference: {fileID: 0}
    - target: {fileID: 8618462082042677026, guid: c6e1f88171ca0634fb7e45cd7cdbc2d8,
        type: 3}
      propertyPath: m_LocalRotation.w
      value: 1
      objectReference: {fileID: 0}
    - target: {fileID: 8618462082042677026, guid: c6e1f88171ca0634fb7e45cd7cdbc2d8,
        type: 3}
      propertyPath: m_RootOrder
      value: 0
      objectReference: {fileID: 0}
    - target: {fileID: 8618462082042677026, guid: c6e1f88171ca0634fb7e45cd7cdbc2d8,
        type: 3}
      propertyPath: m_LocalEulerAnglesHint.x
      value: 0
      objectReference: {fileID: 0}
    - target: {fileID: 8618462082042677026, guid: c6e1f88171ca0634fb7e45cd7cdbc2d8,
        type: 3}
      propertyPath: m_LocalEulerAnglesHint.y
      value: 0
      objectReference: {fileID: 0}
    - target: {fileID: 8618462082042677026, guid: c6e1f88171ca0634fb7e45cd7cdbc2d8,
        type: 3}
      propertyPath: m_LocalEulerAnglesHint.z
      value: 0
      objectReference: {fileID: 0}
    - target: {fileID: 2677541839906702111, guid: c6e1f88171ca0634fb7e45cd7cdbc2d8,
        type: 3}
      propertyPath: m_AnchorMin.y
      value: 0
      objectReference: {fileID: 0}
    - target: {fileID: 2677541839906702111, guid: c6e1f88171ca0634fb7e45cd7cdbc2d8,
        type: 3}
      propertyPath: m_AnchoredPosition.y
      value: 0
      objectReference: {fileID: 0}
    - target: {fileID: 2677541839906702111, guid: c6e1f88171ca0634fb7e45cd7cdbc2d8,
        type: 3}
      propertyPath: m_SizeDelta.y
      value: -10
      objectReference: {fileID: 0}
    - target: {fileID: 2677541838053626891, guid: c6e1f88171ca0634fb7e45cd7cdbc2d8,
        type: 3}
      propertyPath: m_AnchorMin.y
      value: 0
      objectReference: {fileID: 0}
    - target: {fileID: 2677541838053626891, guid: c6e1f88171ca0634fb7e45cd7cdbc2d8,
        type: 3}
      propertyPath: m_AnchoredPosition.y
      value: 0
      objectReference: {fileID: 0}
    - target: {fileID: 2677541838053626891, guid: c6e1f88171ca0634fb7e45cd7cdbc2d8,
        type: 3}
      propertyPath: m_SizeDelta.y
      value: -10
      objectReference: {fileID: 0}
    - target: {fileID: 3936468641597574824, guid: c6e1f88171ca0634fb7e45cd7cdbc2d8,
        type: 3}
      propertyPath: m_AnchorMin.y
      value: 0.5
      objectReference: {fileID: 0}
    - target: {fileID: 3936468641597574824, guid: c6e1f88171ca0634fb7e45cd7cdbc2d8,
        type: 3}
      propertyPath: m_AnchoredPosition.y
      value: 0
      objectReference: {fileID: 0}
    - target: {fileID: 3936468641597574824, guid: c6e1f88171ca0634fb7e45cd7cdbc2d8,
        type: 3}
      propertyPath: m_SizeDelta.y
      value: 350
      objectReference: {fileID: 0}
    - target: {fileID: 3936468641597574824, guid: c6e1f88171ca0634fb7e45cd7cdbc2d8,
        type: 3}
      propertyPath: m_AnchorMax.y
      value: 0.5
      objectReference: {fileID: 0}
    - target: {fileID: 5088306270803525417, guid: c6e1f88171ca0634fb7e45cd7cdbc2d8,
        type: 3}
      propertyPath: m_AnchorMin.y
      value: 0.5
      objectReference: {fileID: 0}
    - target: {fileID: 5088306270803525417, guid: c6e1f88171ca0634fb7e45cd7cdbc2d8,
        type: 3}
      propertyPath: m_AnchoredPosition.y
      value: 0
      objectReference: {fileID: 0}
    - target: {fileID: 5088306270803525417, guid: c6e1f88171ca0634fb7e45cd7cdbc2d8,
        type: 3}
      propertyPath: m_SizeDelta.y
      value: 350
      objectReference: {fileID: 0}
    - target: {fileID: 5088306270803525417, guid: c6e1f88171ca0634fb7e45cd7cdbc2d8,
        type: 3}
      propertyPath: m_AnchorMax.y
      value: 0.5
      objectReference: {fileID: 0}
    - target: {fileID: 4091862910544136190, guid: c6e1f88171ca0634fb7e45cd7cdbc2d8,
        type: 3}
      propertyPath: m_IsActive
      value: 0
      objectReference: {fileID: 0}
    - target: {fileID: 9177467711486642032, guid: c6e1f88171ca0634fb7e45cd7cdbc2d8,
        type: 3}
      propertyPath: m_IsActive
      value: 0
      objectReference: {fileID: 0}
    - target: {fileID: 2677541837954451900, guid: c6e1f88171ca0634fb7e45cd7cdbc2d8,
        type: 3}
      propertyPath: m_IsActive
      value: 0
      objectReference: {fileID: 0}
    - target: {fileID: 2677541838227785327, guid: c6e1f88171ca0634fb7e45cd7cdbc2d8,
        type: 3}
      propertyPath: m_IsActive
      value: 0
      objectReference: {fileID: 0}
    - target: {fileID: 514435895347304507, guid: c6e1f88171ca0634fb7e45cd7cdbc2d8,
        type: 3}
      propertyPath: m_TargetTexture
      value: 
      objectReference: {fileID: 8400000, guid: 32c95b3099b5b6442b0c1ab89e14b47f, type: 2}
    - target: {fileID: 2353543104265427854, guid: c6e1f88171ca0634fb7e45cd7cdbc2d8,
        type: 3}
      propertyPath: m_LocalPosition.x
      value: -5
      objectReference: {fileID: 0}
    - target: {fileID: 1851888465709336304, guid: c6e1f88171ca0634fb7e45cd7cdbc2d8,
        type: 3}
      propertyPath: m_LocalPosition.x
      value: 5
      objectReference: {fileID: 0}
    - target: {fileID: 2677541838053626888, guid: c6e1f88171ca0634fb7e45cd7cdbc2d8,
        type: 3}
      propertyPath: m_Texture
      value: 
      objectReference: {fileID: 8400000, guid: 5b7f9db3490ea90408018f687247ae5d, type: 2}
    - target: {fileID: 2677541839906702108, guid: c6e1f88171ca0634fb7e45cd7cdbc2d8,
        type: 3}
      propertyPath: m_Texture
      value: 
      objectReference: {fileID: 8400000, guid: 32c95b3099b5b6442b0c1ab89e14b47f, type: 2}
    - target: {fileID: 6190355181655237022, guid: c6e1f88171ca0634fb7e45cd7cdbc2d8,
        type: 3}
      propertyPath: m_LocalPosition.x
      value: -5
      objectReference: {fileID: 0}
    - target: {fileID: 7850552028198550752, guid: c6e1f88171ca0634fb7e45cd7cdbc2d8,
        type: 3}
      propertyPath: m_LocalPosition.x
      value: 5
      objectReference: {fileID: 0}
    - target: {fileID: 8242253064067768875, guid: c6e1f88171ca0634fb7e45cd7cdbc2d8,
        type: 3}
      propertyPath: m_TargetTexture
      value: 
      objectReference: {fileID: 8400000, guid: 5b7f9db3490ea90408018f687247ae5d, type: 2}
    - target: {fileID: 566078677633062555, guid: c6e1f88171ca0634fb7e45cd7cdbc2d8,
        type: 3}
      propertyPath: m_IsActive
      value: 0
      objectReference: {fileID: 0}
    - target: {fileID: 508908293427434162, guid: c6e1f88171ca0634fb7e45cd7cdbc2d8,
        type: 3}
      propertyPath: m_IsActive
      value: 0
      objectReference: {fileID: 0}
    - target: {fileID: 2677541837832813374, guid: c6e1f88171ca0634fb7e45cd7cdbc2d8,
        type: 3}
      propertyPath: m_IsActive
      value: 1
      objectReference: {fileID: 0}
    - target: {fileID: 2677541837888434744, guid: c6e1f88171ca0634fb7e45cd7cdbc2d8,
        type: 3}
      propertyPath: load
      value: 
      objectReference: {fileID: 1003910250}
    - target: {fileID: 2677541837888434744, guid: c6e1f88171ca0634fb7e45cd7cdbc2d8,
        type: 3}
      propertyPath: load2
      value: 
      objectReference: {fileID: 1003910249}
    - target: {fileID: 2677541839403524802, guid: c6e1f88171ca0634fb7e45cd7cdbc2d8,
        type: 3}
      propertyPath: m_IsActive
      value: 1
      objectReference: {fileID: 0}
    - target: {fileID: 2677541839595514760, guid: c6e1f88171ca0634fb7e45cd7cdbc2d8,
        type: 3}
      propertyPath: m_IsActive
      value: 1
      objectReference: {fileID: 0}
    - target: {fileID: 5922985814566485027, guid: c6e1f88171ca0634fb7e45cd7cdbc2d8,
        type: 3}
      propertyPath: iconeCapote
      value: 
      objectReference: {fileID: 576769024}
    - target: {fileID: 5922985814566485027, guid: c6e1f88171ca0634fb7e45cd7cdbc2d8,
        type: 3}
      propertyPath: iconePill
      value: 
      objectReference: {fileID: 46850148}
    - target: {fileID: 2842710284444436019, guid: c6e1f88171ca0634fb7e45cd7cdbc2d8,
        type: 3}
      propertyPath: iconeCapote
      value: 
      objectReference: {fileID: 48743758}
    - target: {fileID: 2842710284444436019, guid: c6e1f88171ca0634fb7e45cd7cdbc2d8,
        type: 3}
      propertyPath: iconePill
      value: 
      objectReference: {fileID: 694065103}
    m_RemovedComponents: []
  m_SourcePrefab: {fileID: 100100000, guid: c6e1f88171ca0634fb7e45cd7cdbc2d8, type: 3}
--- !u!224 &2526587834949487976 stripped
RectTransform:
  m_CorrespondingSourceObject: {fileID: 2677541837888434747, guid: c6e1f88171ca0634fb7e45cd7cdbc2d8,
    type: 3}
  m_PrefabInstance: {fileID: 2526587834949487975}
  m_PrefabAsset: {fileID: 0}
--- !u!1001 &7418961855271589393
PrefabInstance:
  m_ObjectHideFlags: 0
  serializedVersion: 2
  m_Modification:
    m_TransformParent: {fileID: 2526587834949487976}
    m_Modifications:
    - target: {fileID: 1150023011004441609, guid: 8d2a4edc193d64c49a462520020be58c,
        type: 3}
      propertyPath: m_Name
      value: Icone
      objectReference: {fileID: 0}
    - target: {fileID: 4314508900006099326, guid: 8d2a4edc193d64c49a462520020be58c,
        type: 3}
      propertyPath: m_LocalPosition.x
      value: 0
      objectReference: {fileID: 0}
    - target: {fileID: 4314508900006099326, guid: 8d2a4edc193d64c49a462520020be58c,
        type: 3}
      propertyPath: m_LocalPosition.y
      value: 0
      objectReference: {fileID: 0}
    - target: {fileID: 4314508900006099326, guid: 8d2a4edc193d64c49a462520020be58c,
        type: 3}
      propertyPath: m_LocalPosition.z
      value: 0
      objectReference: {fileID: 0}
    - target: {fileID: 4314508900006099326, guid: 8d2a4edc193d64c49a462520020be58c,
        type: 3}
      propertyPath: m_LocalRotation.x
      value: -0
      objectReference: {fileID: 0}
    - target: {fileID: 4314508900006099326, guid: 8d2a4edc193d64c49a462520020be58c,
        type: 3}
      propertyPath: m_LocalRotation.y
      value: -0
      objectReference: {fileID: 0}
    - target: {fileID: 4314508900006099326, guid: 8d2a4edc193d64c49a462520020be58c,
        type: 3}
      propertyPath: m_LocalRotation.z
      value: -0
      objectReference: {fileID: 0}
    - target: {fileID: 4314508900006099326, guid: 8d2a4edc193d64c49a462520020be58c,
        type: 3}
      propertyPath: m_LocalRotation.w
      value: 1
      objectReference: {fileID: 0}
    - target: {fileID: 4314508900006099326, guid: 8d2a4edc193d64c49a462520020be58c,
        type: 3}
      propertyPath: m_RootOrder
      value: 21
      objectReference: {fileID: 0}
    - target: {fileID: 4314508900006099326, guid: 8d2a4edc193d64c49a462520020be58c,
        type: 3}
      propertyPath: m_LocalEulerAnglesHint.x
      value: 0
      objectReference: {fileID: 0}
    - target: {fileID: 4314508900006099326, guid: 8d2a4edc193d64c49a462520020be58c,
        type: 3}
      propertyPath: m_LocalEulerAnglesHint.y
      value: 0
      objectReference: {fileID: 0}
    - target: {fileID: 4314508900006099326, guid: 8d2a4edc193d64c49a462520020be58c,
        type: 3}
      propertyPath: m_LocalEulerAnglesHint.z
      value: 0
      objectReference: {fileID: 0}
    - target: {fileID: 4314508900006099326, guid: 8d2a4edc193d64c49a462520020be58c,
        type: 3}
      propertyPath: m_AnchoredPosition.x
      value: -79.99999
      objectReference: {fileID: 0}
    - target: {fileID: 4314508900006099326, guid: 8d2a4edc193d64c49a462520020be58c,
        type: 3}
      propertyPath: m_AnchoredPosition.y
      value: -435.99997
      objectReference: {fileID: 0}
    - target: {fileID: 4314508900006099326, guid: 8d2a4edc193d64c49a462520020be58c,
        type: 3}
      propertyPath: m_SizeDelta.x
      value: 100
      objectReference: {fileID: 0}
    - target: {fileID: 4314508900006099326, guid: 8d2a4edc193d64c49a462520020be58c,
        type: 3}
      propertyPath: m_SizeDelta.y
      value: 100
      objectReference: {fileID: 0}
    - target: {fileID: 4314508900006099326, guid: 8d2a4edc193d64c49a462520020be58c,
        type: 3}
      propertyPath: m_AnchorMin.x
      value: 0.5
      objectReference: {fileID: 0}
    - target: {fileID: 4314508900006099326, guid: 8d2a4edc193d64c49a462520020be58c,
        type: 3}
      propertyPath: m_AnchorMin.y
      value: 0.5
      objectReference: {fileID: 0}
    - target: {fileID: 4314508900006099326, guid: 8d2a4edc193d64c49a462520020be58c,
        type: 3}
      propertyPath: m_AnchorMax.x
      value: 0.5
      objectReference: {fileID: 0}
    - target: {fileID: 4314508900006099326, guid: 8d2a4edc193d64c49a462520020be58c,
        type: 3}
      propertyPath: m_AnchorMax.y
      value: 0.5
      objectReference: {fileID: 0}
    - target: {fileID: 4314508900006099326, guid: 8d2a4edc193d64c49a462520020be58c,
        type: 3}
      propertyPath: m_Pivot.x
      value: 0.5
      objectReference: {fileID: 0}
    - target: {fileID: 4314508900006099326, guid: 8d2a4edc193d64c49a462520020be58c,
        type: 3}
      propertyPath: m_Pivot.y
      value: 0.5
      objectReference: {fileID: 0}
    m_RemovedComponents: []
  m_SourcePrefab: {fileID: 100100000, guid: 8d2a4edc193d64c49a462520020be58c, type: 3}
